<?xml version="1.0" encoding="UTF-8"?><record xmlns="http://www.loc.gov/MARC21/slim" xmlns:cinclude="http://apache.org/cocoon/include/1.0" xmlns:zs="http://www.loc.gov/zing/srw/">
  <leader>00372nz  a2200121n  4500</leader>
  <controlfield tag="001">n 2003102542</controlfield>
  <controlfield tag="003">DLC</controlfield>
  <controlfield tag="005">20030709105327.0</controlfield>
  <controlfield tag="008">030709n| acannaabn          |n aaa      </controlfield>
  <datafield tag="010" ind1=" " ind2=" ">
    <subfield code="a">n 2003102542</subfield>
  </datafield>
  <datafield tag="040" ind1=" " ind2=" ">
    <subfield code="a">DLC</subfield>
    <subfield code="b">eng</subfield>
    <subfield code="c">DLC</subfield>
  </datafield>
  <datafield tag="100" ind1="1" ind2=" ">
    <subfield code="a">Levick, Stephen E.,</subfield>
    <subfield code="d">1951-</subfield>
  </datafield>
  <datafield tag="670" ind1=" " ind2=" ">
    <subfield code="a">Levick, Stephen E. Clones on the couch, 2004:</subfield>
    <subfield code="b">ECIP t.p. (Stephen E. Levick) data view (b. Apr. 9, 1951)</subfield>
  </datafield>
</record>